% Anleitungen %%%%%%%%%%%%%%%%%%%%%%%%%%%%%%%%%%%%%%%%%%%%%%%%%%%%%%%%%

@manual{V01,
  author = {TU Dortmund},
  title  = {Versuchsanleitung zu Versuch Nr. 01 Lebensdauer Kosmischer Myonen},
  year = 2022
}

@manual{V64,
  author = {TU Dortmund},
  title  = {Versuchsanleitung zu Versuch Nr. 64 Moderne Interferometrie},
  year = 2022
}

@manual{V44,
  author = {TU Dortmund},
  title  = {Versuchsanleitung zu Versuch Nr. 44 Röntgen Reflektometrie},
  year = 2022
}

@manual{V46,
  author = {TU Dortmund},
  title  = {Versuchsanleitung zu Versuch Nr. 46 Faraday-Effekt},
  year = 2023
}

@manual{Anhang_V46,
  title        = "Anhang, V46 - Faraday-Effekt an Halbleitern",
  author       = "Technische Universität Dortmund",
  year = 2019 
}

@manual{V51,
  author = {TU Dortmund},
  title  = {Versuchsanleitung zu Versuch Nr. 51 Operationsverstärker},
  year = 2023
}

@manual{V47,
  author = {TU Dortmund},
  title  = {Instruction manual for Experiment No. 47 Heat Capacity of Copper},
  year = 2023
}

% Programme %%%%%%%%%%%%%%%%%%%%%%%%%%%%%%%%%%%%%%%%%%%%%%%%%%%%%

@article{matplotlib,
  author = "Hunter, John D.",
  title = "{Matplotlib}: A {2D} Graphics Environment",
  publisher = "IEEE",
  year = "2007",
  journal = "Computing in Science \& Engineering",
  volume = "9",
  number = "3",
  pages = "90--95",
  url = "http://matplotlib.org/",
  version = "1.4.3",
}

@article{numpy,
  author = "Oliphant, Travis E.",
  title = "{NumPy}: {Python} for Scientific Computing",
  publisher = "IEEE",
  year = "2007",
  journal = "Computing in Science \& Engineering",
  volume = "9",
  number = "3",
  pages = "10--20",
  url = "http://www.numpy.org/",
  version = "1.9.2",
}


@software{scipy,
  author = "Jones, Eric and Oliphant, Travis E. and Peterson, Pearu and others",
  title = "{SciPy}: Open source scientific tools for {Python}",
  url = "http://www.scipy.org/",
  version = "0.16.0",
}
@software{scipyConst,
  author = "Jones, Eric and Oliphant, Travis E. and Peterson, Pearu and others",
  title = "{SciPy}: Open source scientific tools for {Python}",
  url = "http://www.scipy.org/",
  version = "0.16.0",
  note = "[Konstante entnommen aus Packet scipy.constants]"
}

@software{uncertainties,
  author = "Lebigot, Eric O.",
  title = "Uncertainties: a Python package for calculations with uncertainties",
  url = "http://pythonhosted.org/uncertainties/",
  version = "2.4.6.1"
}

@software{GIMP,
  author = "Kimball, Spencer and Mattis, Peter and GIMP Development Team",
  title = "GIMP - GNU Image Manipulation Program",
  url = "https://www.gimp.org/",
  version = "2.10.22"
}




% Internetquellen %%%%%%%%%%%%%%%%%%%%%%%%%%%%%%%%%%%%%%%%%%%%%%%%%%%%%%%%%%%%%%%%%%%%%%%%%%%%%

%@misc{x,
%  author       = "",
%  title        = "",
%  howpublished = "\url{}",
%  month        = "",
%  year         = "",
%  note         = "[Online; zuletzt besucht am ]"
%}

@misc{pdg_muon,
  author       = "R.L. Workman et al. (PDG)",
  title        = "LEPTONS",
  howpublished = "\url{https://pdg.lbl.gov/2022/tables/rpp2022-sum-leptons.pdf}",
  year         = "2022",
  note         = "[Online; zuletzt besucht am 03.11.2022]"
}

@misc{nAirGlasses,
  author       = "Mikhail Polyanskiy",
  title        = "Refractive index database",
  howpublished = "\url{http://refractiveindex.info}",
  note         = "[Online; besucht am 25.11.2022]"
}

@misc{nGaAs,
  author       = "Mikhail Polyanskiy",
  title        = "Refractive index database - Optical constants of GaAs",
  howpublished = "\url{https://refractiveindex.info/?shelf=main&book=GaAs&page=Skauli}",
  note         = "[Online; besucht am 18.01.2023]"
}


@misc{Xray,
  author       = "National Institute of Standards and Technology",
  title        = "X-ray Transition Energies Database",
  howpublished = "\url{https://physics.nist.gov/cgi-bin/XrayTrans/search.pl?element=Cu&trans=KL3&lower=&upper=&units=A}",
  note         = "[Online; besucht am 12.01.2023]"
}

@misc{m_eff_GaAs,
  title        = "GaAs - Gallium Arsenide, Basic Parameters at 300 K",
  howpublished = "\url{https://www.ioffe.ru/SVA/NSM/Semicond/GaAs/basic.html}",
  note         = "[Online; besucht am 18.01.2023]"
}

@misc{Band_GaAs,
  title        = "Bandstruktur von GaAs",
  howpublished = "\url{https://www.iue.tuwien.ac.at/phd/lindorfer/node28.html}",
  note         = "[Online; besucht am 19.01.2023]"
}


@misc{LM741,
title        = "Single Operational Amplifier",
howpublished = "\url{https://datasheet.octopart.com/LM741CN.-Fairchild-datasheet-7561151.pdf}",
}

@misc{copperProps,
  author       = "Royal Society of Chemistry",
  title        = "Copper - Element information, properties and uses",
  howpublished = "\url{https://www.rsc.org/periodic-table/element/29/copper}",
  year         = "2022",
  note         = "[Online; zuletzt besucht am 06.02.2023]"
}

@misc{CTAO,
  title        = "CTA Homepage",
  howpublished = "\url{https://www.cta-observatory.org/science/ctao-performance/}",
  note         = "[Online; besucht am 15.02.2023]"
}

@misc{Crab,
  title        = "Observaion of tThe Crab Nebula with the HAWC Gamma-Ray Observatory",
  year         = "2017",
  author       = "A.U. Abeysekra and more",
  doi          = "https://arxiv.org/abs/1701.01778",
}

@misc{HAWCPerformance,
  title        = "Performance of the First Prototype of the HAWC Gamma-Ray Observatory",
  doi = "https://arxiv.org/abs/0912.3329",
  author       = "A. Sandoval and more",
  year = "2009",
}

@misc{HAWCBackground,
  title        = "Characterization of the background for a neutrino search with the HAWC observatory",
  doi = "https://arxiv.org/abs/2108.07767",
  author       = "A. Albert and more",
  year = "2021",
}

@misc{HAWCSpectrum,
  title        = "Measurement of the Crab Nebula Spectum Past 100 TeV with HAWC",
  doi = "https://arxiv.org/abs/1905.12518",
  author       = "A.U. Abeysekra and more",
  year = "2019",
}
% Buchquellen %%%%%%%%%%%%%%%%%%%%%%%%%%%%%%%%%%%%%%%%%%%%%%%%%%%%%%%%%%%%

%@incollection{x,
%  title={},
%  author={},
%  booktitle={},
%  year={},
%  pages={},
%  publisher={}
%}

@incollection{nGlas,
  title={Taschenbuch für Chemiker und Physiker},
  author={D'Ans, J. and Lax, E.},
  booktitle={Taschenbuch für Chemiker und Physiker},
  year={1949},
  pages={1358},
}

@book{Astroteilchen,
  title={Einstieg in die Astroteilchenphysik},
  author={C. Grupen},
  volume={2. Aufl.},
  year={2018},
  publisher={Springer Spektrum}
}

@book{Teilchendetektoren,
  title={Teilchendetektoren},
  author={H. Kolanoski and N. Wermes},
  volume={1. Aufl.},
  year={2016},
  publisher={Springer Berlin Heidelberg}
}

@book{Optik,
  title={Optik},
  booktitle={Optik},
  author={H. Eugene and K. Lippert},
  volume={7. Ausgabe},
  year={2018},
  publisher={Springer Berlin Heidelberg}
}

@book{XRay,
  title={X-Ray Scattering from Soft-Matter Thin Films},
  booktitle={Materials Sience and Basic Research},
  author={M.Tolan},
  volume={Springer Tracts in Modern Physics Volume 148},
  year={1999},
  publisher={Springer Berlin Heidelberg}
}

@book{Halbleiter,
  title        = "Lehrbuch zur Experimentalphysik Band 4: Wellen und Optik",
  author={J. Heintze and P. Bock},
  year={2017},
  publisher={Springer Berlin Heidelberg}
}

@book{Operationsverstaerker,
  title        = "Grundgebiete der Elektrotechnik",
  author={O. Haas and L. Brabetz and C. Koppe},
  volume ={13. Auflage},
  year={2022},
  publisher={De Gruyter Oldenbourg}
}

@book{Festkörperphysik,
  title        = "Festkörperphysik",
  author={R. Gross and A. Marx},
  volume ={4. aktualisierte Auflage},
  year={2023},
  publisher={De Gruyter Oldenbourg}
}
% Artikel

%@article{x,
%  title={},
%  author={},
%  journal={},
%  volume={},
%  number={},
%  pages={},
%  year={},
%  publisher={}
%}
